@Misc{,
  OPTkey = 	 {},
  author = 	 {Obeo},
  title = 	 {Contribute developer guide},
  OPThowpublished = {},
  OPTmonth = 	 {},
  OPTyear = 	 {},
  OPTnote = 	 {},
  OPTannote = 	 {}
}

@Misc{sirius,
  author = 	 {Obeo, Eclipse},
  title = 	 {Sirius documentation},
  OPTnote = 	 {},
  OPTkey = 	 {},
  OPTmonth = 	 {},
  OPTyear = 	 {},
  note = 	 {\url{https://www.eclipse.org/sirius/}}
}

@Misc{omg,
  OPTkey = 	 {},
  author = 	 {OMG},
  title = 	 {Object Management Group},
  OPThowpublished = {},
  OPTmonth = 	 {},
  OPTyear = 	 {},
  note = 	 {\url{http://www.omg.org/}},
  OPTannote = 	 {}
}

@Misc{json,
  OPTkey = 	 {},
  author = 	 {stleary},
  title = 	 {Json-java},
  OPThowpublished = {},
  OPTmonth = 	 {},
  OPTyear = 	 {},
  note = 	 {\url{https://github.com/stleary/JSON-java}},
  OPTannote = 	 {}
}
