@Misc{,
  OPTkey = 	 {},
  author = 	 {Obeo},
  title = 	 {Contribute developer guide},
  OPThowpublished = {},
  OPTmonth = 	 {},
  OPTyear = 	 {},
  OPTnote = 	 {},
  OPTannote = 	 {}
}

@Misc{sirius,
  author = 	 {Obeo, Eclipse},
  title = 	 {Sirius documentation},
  OPTnote = 	 {},
  OPTkey = 	 {},
  OPTmonth = 	 {},
  OPTyear = 	 {},
  note = 	 {\url{https://www.eclipse.org/sirius/}}
}

@Misc{omg,
  OPTkey = 	 {},
  author = 	 {OMG},
  title = 	 {Object Management Group},
  OPThowpublished = {},
  OPTmonth = 	 {},
  OPTyear = 	 {},
  note = 	 {\url{http://www.omg.org/}},
  OPTannote = 	 {}
}

@Misc{json,
  OPTkey = 	 {},
  author = 	 {stleary},
  title = 	 {Json-java},
  OPThowpublished = {},
  OPTmonth = 	 {},
  OPTyear = 	 {},
  note = 	 {\url{https://github.com/stleary/JSON-java}},
  OPTannote = 	 {}
}

@Misc{msdl,
  OPTkey = 	 {},
  author = 	 {MSDL},
  title = 	 {MDSL web site},
  OPThowpublished = {},
  OPTmonth = 	 {},
  OPTyear = 	 {},
  note = 	 {\url{http://msdl.cs.mcgill.ca/}},
  OPTannote = 	 {}
}

@Misc{apache,
  OPTkey = 	 {},
  author = 	 {apache},
  title = 	 {xmi2scxml},
  OPThowpublished = {},
  OPTmonth = 	 {},
  year = 	 {2009},
  OPTannote = 	 {},
  note = 	 {\url{https://github.com/apache/commons-scxml/tree/master/extras}}
}

@Misc{wiki_pattern,
  OPTkey = 	 {},
  author = 	 {Wikip√©dia},
  title = 	 {Observer pattern},
  OPThowpublished = {},
  OPTmonth = 	 {},
  OPTyear = 	 {},
  note = 	 {\url{https://en.wikipedia.org/wiki/Observer_pattern}},
  OPTannote = 	 {}
}

@Misc{wiki_kanban,
  OPTkey = 	 {},
  author = 	 {Dan Radigan},
  title = 	 {Kanban},
  OPThowpublished = {},
  OPTmonth = 	 {},
  OPTyear = 	 {},
  note = 	 {\url{https://www.atlassian.com/agile/kanban}},
  OPTannote = 	 {}
}

@MastersThesis{sccd,
  author = 	 {Glenn De JONGHE},
  title = 	 {A visual modelling environment for Statechart and Class Diagrams in Unity},
  school = 	 {University of Antwerpen},
  year = 	 {2015},
  OPTkey = 	 {},
  OPTtype = 	 {},
  OPTaddress = 	 {},
  OPTmonth = 	 {},
  OPTnote = 	 {},
  OPTannote = 	 {}
}

@MastersThesis{sccd2,
  author = 	 {Joeri Exelmans},
  title = 	 {Configurable Semantics in the SCCD Statechart},
  school = 	 {University of Antwerpen},
  year = 	 {2014},
  OPTkey = 	 {},
  OPTtype = 	 {},
  OPTaddress = 	 {},
  OPTmonth = 	 {},
  OPTnote = 	 {},
  OPTannote = 	 {}
}

@Misc{windows,
  OPTkey = 	 {},
  author = 	 {Microsoft corporation},
  title = 	 {About Pipes},
  OPThowpublished = {},
  OPTmonth = 	 {},
  OPTyear = 	 {},
  note = 	 {\url{https://msdn.microsoft.com/en-us/library/windows/desktop/aa365137(v=vs.85).aspx}},
  OPTannote = 	 {}
}
